<record><leader>00000cas a2200000 a 4500</leader><controlfield tag="001">26875902</controlfield><controlfield tag="008">921028d19481949iludn ne      0   a0eng c</controlfield><datafield ind1=" " ind2=" " tag="010"><subfield code="a">sn 92054646 </subfield></datafield><datafield ind1=" " ind2=" " tag="040"><subfield code="a">NVF</subfield><subfield code="b">eng</subfield><subfield code="c">NVF</subfield><subfield code="d">NVF</subfield><subfield code="d">OCLCQ</subfield><subfield code="d">OCLCF</subfield><subfield code="d">NVF</subfield><subfield code="d">OCLCO</subfield></datafield><datafield ind1="1" ind2=" " tag="029"><subfield code="a">AU@</subfield><subfield code="b">000040189660</subfield></datafield><datafield ind1=" " ind2=" " tag="042"><subfield code="a">pcc</subfield></datafield><datafield ind1=" " ind2=" " tag="043"><subfield code="a">n-us-il</subfield></datafield><datafield ind1="0" ind2=" " tag="130"><subfield code="a">Free press (Carbondale, Ill.)</subfield></datafield><datafield ind1="1" ind2="4" tag="245"><subfield code="a">The free press.</subfield></datafield><datafield ind1=" " ind2=" " tag="260"><subfield code="a">Carbondale, Ill. :</subfield><subfield code="b">Southern Illinois Publications,</subfield><subfield code="c">1948-1949.</subfield></datafield><datafield ind1=" " ind2=" " tag="300"><subfield code="a">v.</subfield></datafield><datafield ind1=" " ind2=" " tag="310"><subfield code="a">Daily (except Sunday)</subfield></datafield><datafield ind1="0" ind2=" " tag="362"><subfield code="a">Vol. 49, no. 111 (Feb. 18, 1948)-v. 50, no. 143 (June 18, 1949).</subfield></datafield><datafield ind1=" " ind2=" " tag="580"><subfield code="a">Contains a separate section with own masthead called: Southern Illinoisan (Carbondale, Ill. : 1947).</subfield></datafield><datafield ind1=" " ind2=" " tag="580"><subfield code="a">Merged with: Southern Illinoisan (Carbondale, Ill. : 1947), to form: Southern Illinoisan (Carbondale, Ill. : Daily free press ed.).</subfield></datafield><datafield ind1=" " ind2="0" tag="651"><subfield code="a">Carbondale (Ill.)</subfield><subfield code="v">Newspapers.</subfield></datafield><datafield ind1=" " ind2="0" tag="651"><subfield code="a">Southern Illinois (Ill.)</subfield><subfield code="v">Newspapers.</subfield></datafield><datafield ind1=" " ind2="7" tag="651"><subfield code="a">Illinois</subfield><subfield code="z">Carbondale.</subfield><subfield code="2">fast</subfield><subfield code="0">(OCoLC)fst01206446</subfield></datafield><datafield ind1=" " ind2="7" tag="655"><subfield code="a">Newspapers.</subfield><subfield code="2">fast</subfield><subfield code="0">(OCoLC)fst01423814</subfield></datafield><datafield ind1=" " ind2=" " tag="752"><subfield code="a">United States</subfield><subfield code="b">Illinois</subfield><subfield code="c">Jackson</subfield><subfield code="d">Carbondale.</subfield></datafield><datafield ind1="1" ind2=" " tag="777"><subfield code="t">Southern Illinoisan (Carbondale, Ill. : 1947)</subfield><subfield code="w">(DLC)sn 92054645</subfield><subfield code="w">(OCoLC)26889695</subfield></datafield><datafield ind1="0" ind2="0" tag="780"><subfield code="t">Carbondale free press (Carbondale, Ill. : Daily)</subfield><subfield code="w">(DLC)sn 87073069</subfield><subfield code="w">(OCoLC)16821719</subfield></datafield><datafield ind1="1" ind2="7" tag="785"><subfield code="t">Southern Illinoisan (Carbondale, Ill. : 1947)</subfield><subfield code="w">(DLC)sn 92054645</subfield><subfield code="w">(OCoLC)26889695</subfield></datafield><datafield ind1="1" ind2="7" tag="785"><subfield code="t">Southern Illinoisan (Carbondale, Ill. : Daily free press ed.)</subfield><subfield code="w">(DLC)sn 92054647</subfield><subfield code="w">(OCoLC)26876525</subfield></datafield></record>